
@misc{cite0,
    author = {Documentation et Cours},
   	howpublished = {\url{https://openclassrooms.com/fr/courses/626954-creez-votre-application-web-avec-java-ee}}
}
@misc{cite1,
    author = {Tests et intégralité},
   	howpublished = {\url{https://openclassrooms.com/fr/courses/6100311-testez-votre-code-java-pour-realiser-des-applications-de-qualite/6616481-decouvrez-les-tests-dintegration-et-les-tests-fonctionnels}}
}

@misc{cite2,
    author = {Project},
   	howpublished = {\url{https://github.com//}}
}
@misc{cite3,
    author = {Problem solving},
   	howpublished = {\url{https://stackoverflow.com//}}
}
@misc{cite4,
    author = {Junit},
   	howpublished = {\url{https://www.jmdoudoux.fr/java/dej/chap-junit.htm}}
}


